101 021300077995104062823021321130094101KEY BANK NATIONAL ASSOCKEY BANK NATIONAL ASSOC        
5225LEASE SERVICING                     9951040628CCDAUTH PAYME2302112302130001021300070000001
627307070267769681087136     0001110168G-601079D2FE314CITY OF CATHEDRAL SOLA  0021300070000001
627053000196237025442694     0004873547G-9482D3570D074SCLTDI JV, LLC          0021300070000002
822500000200360070450000059837150000000000009951040628                         021300070000001
5225LEASE SERVICING                     9951040628CCDAUTH PAYME2302142302140001021300070000002
6271250005742505003915       0002789344G-E56CF8EF84A44HILLIS CLARK MARTIN &   0021300070000003
627021300077329681263219     0000456803G-EDA442CA56974Pinnacle Imaging, Inc.  0021300070000004
6270260136733248291830       0005800313G-1B842D2248B74WOODBRIDGE ENGLEWOOD I  0021300070000005
627021300077262008999        0001228759G-7185FB3490464LABELLA ASSOCIATES, D.  0021300070000006
627063100277229049959388     0000102824G-2689E4E3BCD14LAWARD FITNESS, LLC     0021300070000007
6270531011210005201399337    0003095844G-C945D75A60B64CONCRETE SUPPLY CO., L  0021300070000008
627021300077389681006232     0004463372G-252F9639CEBF4LCP Generation Partner  0021300070000009
6271250005742145000294       0002889668G-E118685FB69C4RIGHTLINE EQUIPMENT, I  0021300070000010
6270220000469866677488       0000224166G-B6FC7FE041484Emex Leasing, LLC       0021300070000011
627123002011379681100408     0000515728G-EDEA9E03CF384PAVEMENT MAINTENANCE,   0021300070000012
62702130007710192682         0002604088G-3044905329F14ALBANY MED HEALTH SYST  0021300070000013
627021000021455670153        0000378994G-29A56912C7604Lewis Tree Service, In  0021300070000014
6270412038249600164368       0003365460G-EA23CAEF1DFC4FIRSTFLEET, INC.        0021300070000015
6270412038249600023687       0002499764G-71DD9B9B9D614MV PUBLIC TRANSPORTATI  0021300070000016
627026003379151000511        0000171879G-B1F0EB62F8734SeniorCare Emergency M  0021300070000017
627125000024000014815005     0000502278G-B25EAE5609304BEELINE TOURS LTD       0021300070000018
627123002011370841002253     0000042492G-DF6D2685691E4BIZON NURSERY COMPANY   0021300070000019
62712224333497540967         0001555348G-AD66E5E2B2574L. A. GAUGE COMPANY, I  0021300070000020
6270412038249600164368       0001971956G-141743A5FB524FIRSTFLEET, INC.        0021300070000021
6270223101211067834000       0000117793G-61575F3B3E104CURTISS BUFFALO, INC.   0021300070000022
6270410010396000840509       0000373058G-7FF28DAB899F4FERRIS & SONS MILK HAU  0021300070000023
6270410010390401109419       0000241602G-DEE3A7C3A3C54MCAFEE TOOL & DIE, INC  0021300070000024
6271211051566300868          0000367579G-B4D34B793B204IPROT, INC.             0021300070000025
62712300201100370181019073   0000280258G-996D306E4A994SKYLINE TRANSPORT GROU  0021300070000026
6271232050549880345781       0000105490G-3629DC105B814MAD DOG BREWING COMPAN  0021300070000027
6271251082727000933957       0000262994G-26190405280A4STICKMEN BREWING INC.   0021300070000028
62732337107624506006422      0000206244G-7AAF45D908144DOWN TO EARTH DISTRIBU  0021300070000029
627021300077320361001821     0001024579G-6A36C8F968894RIVERHAWK COMPANY L.P.  0021300070000030
627123002011379681017347     0001197559G-B93EF68CEA104THE OREGON CLINIC, P.C  0021300070000031
627123002011379681100408     0000840463G-7706FC54A3244PAVEMENT MAINTENANCE,   0021300070000032
62702231012110240810         0000373489G-2741E2F689F14APPLIED IMAGE, INC.     0021300070000033
627021906934329681158831     0001641203G-824EB16F48084THALLE INDUSTRIES INC.  0021300070000034
62704100015301662629637      0000129095G-8AB08A2A2DAC4COLEY'S, INC.           0021300070000035
627124000054438000044        0000981317G-FA91AE6A4CFE4ARLO G. LOTT TRUCKING,  0021300070000036
627123002011370211010274     0000105491G-CB5E8D3C004D4STAGECRAFT INDUSTRIES,  0021300070000037
6270710002883050549          0000488462G-53A163AEC2724MCKINNEY VEHICLE SERVI  0021300070000038
627125000574479681129447     0000339785G-ACA5FBFD0C524THE SPRINGS LIVING, LL  0021300070000039
6270213131034006914457       0000207831G-D14A52F8978A4Snowflake Transportati  0021300070000040
627125000574479681142101     0002877240G-4AC63C00DA604GLOBAL MACHINE WORKS,   0021300070000041
627021300077301028117        0000872152G-DA494040F2CD4ASPIRE OF WESTERN NEW   0021300070000042
6271210002484320071418       0001274801G-38B1A04AEC074LAZ PARKING MID-ATLANT  0021300070000043
627044000037643123409        0001406353G-12A7CF8624E94DCR SYSTEMS, L.L.C.     0021300070000044
627121102036155687282        0000205699G-549B93B8552C4TWO RIVERS TERMINAL, L  0021300070000045
627123002011379681105050     0000147544G-9724FA3DF9A94BELT TECH & SUPPLY, IN  0021300070000046
627323371076106198719        0003567123G-FC75BEF3A3A04WALLA WALLA WINE SERVI  0021300070000047
627124101555129681017247     0005375955G-1800E1DDE85B4SPUDNIK EQUIPMENT COMP  0021300070000048
62712430102502145159         0000629824G-E5E0302DE58B4ADMIRALTY ASSETS, LLC   0021300070000049
6270412038249600164368       0008392666G-FE505441D6654FIRSTFLEET, INC.        0021300070000050
627021300077008739040122     0002139006G-B11F97EABC384MCG Utilities, Inc.     0021300070000051
627041001039359681506200     0000893922G-4A94590453704ZH AUTO, LLC            0021300070000052
627124000737440011002480     0000420344G-BE232CAAB6DF4REGENCY EXCAVATION L.L  0021300070000053
627026003379151000511        0001436889G-82A2F896D5034SeniorCare Emergency M  0021300070000054
627307070267769681085569     0001284232G-4696238844A24BAJA LEASING, LLC       0021300070000055
627125000574479681257875     0000676329G-81C88A7051014ALASKA ICE SEAFOODS, I  0021300070000056
6270531007377472844542       0002087795G-7C5225D6E6CF4BUCKNER EQUIPMENT, LLC  0021300070000057
627041001039359681531331     0000462958G-036052F699144THE VALLEJO COMPANY     0021300070000058
627323371076106198719        0000743993G-21C4652645CE4WALLA WALLA WINE SERVI  0021300070000059
627021300077389681018682     0002917744G-A0D366186B304NEW HUDSON FACADES LLC  0021300070000060
627123000848153912081582     0000867640G-B1A77A6A43584Penske Truck Leasing C  0021300070000061
627123000848153912081582     0000228339G-FFA10ACBAA1F4Penske Truck Leasing C  0021300070000062
627123000848153912081582     0000583421G-FDDDA4637B2C4Penske Truck Leasing C  0021300070000063
627123000848153912081582     0001057223G-70767B32238B4Penske Truck Leasing C  0021300070000064
627123002011379681103790     0001042601G-17FB478256E94CLEARWATER EQUIPMENT,   0021300070000065
627123000848153912081582     0000389573G-0C70452543AF4Penske Truck Leasing C  0021300070000066
627123000848153912081582     0000825404G-312FF8ACDEFF4Penske Truck Leasing C  0021300070000067
627123000848153912081582     0000199629G-A81D6AB5C92F4Penske Truck Leasing C  0021300070000068
627022000839328441001992     0000431945G-C7546D3947484MERJ FLEET SERVICES, I  0021300070000069
627125000574479681319105     0001948829G-C2BC979CD8964GULF STEVEDORING SERVI  0021300070000070
627125000574479681309866     0001399282G-15006FB6A4FB4GULF STEVEDORING EQUIP  0021300070000071
627125000574479681216400     0001078361G-153FA684C9A74FRED TEBB & SONS, INC.  0021300070000072
627041001039229681017567     0000409819G-728160CE064D4RKA PETROLEUM COMPANIE  0021300070000073
6270710002882084895          0001077427G-4CE7359381034CLEMENS FOOD GROUP, LL  0021300070000074
822500007206644762850000932954340000000000009951040628                         021300070000002
5225LEASE SERVICING                     9951040628TELAUTH PAYME2302102302130001021300070000003
627323070380485016404600     0000333360G-550A2797DD394LEGGETT ASPHALT INC.    0021300070000075
822500000100323070380000003333600000000000009951040628                         021300070000003
9000003000009000000750732790368000099612509000000000000                                       
9999999999999999999999999999999999999999999999999999999999999999999999999999999999999999999999
9999999999999999999999999999999999999999999999999999999999999999999999999999999999999999999999
9999999999999999999999999999999999999999999999999999999999999999999999999999999999999999999999
9999999999999999999999999999999999999999999999999999999999999999999999999999999999999999999999
9999999999999999999999999999999999999999999999999999999999999999999999999999999999999999999999
9999999999999999999999999999999999999999999999999999999999999999999999999999999999999999999999
9999999999999999999999999999999999999999999999999999999999999999999999999999999999999999999999